@comment{x-kbibtex-encoding=utf-8}

@manual{rstat,
	address = {Vienna, Austria},
	author = {{R Core Team}},
	organization = {R Foundation for Statistical Computing},
	title = {R: A Language and Environment for Statistical Computing},
	url = {https://www.R-project.org/},
	year = {2021}
}

@article{tidy,
	author = {Hadley Wickham and Mara Averick and Jennifer Bryan and Winston Chang and Lucy D'Agostino McGowan and Romain François and Garrett Grolemund and Alex Hayes and Lionel Henry and Jim Hester and Max Kuhn and Thomas Lin Pedersen and Evan Miller and Stephan Milton Bache and Kirill Müller and Jeroen Ooms and David Robinson and Dana Paige Seidel and Vitalie Spinu and Kohske Takahashi and Davis Vaughan and Claus Wilke and Kara Woo and Hiroaki Yutani},
	doi = {10.21105/joss.01686},
	journal = {Journal of Open Source Software},
	number = {43},
	pages = {1686},
	title = {Welcome to the {tidyverse}},
	volume = {4},
	year = {2019}
}

@article{facto,
	author = {Sébastien Lê and Julie Josse and François Husson},
	doi = {10.18637/jss.v025.i01},
	journal = {Journal of Statistical Software},
	number = {1},
	pages = {1–18},
	title = {{FactoMineR}: A Package for Multivariate Analysis},
	volume = {25},
	year = {2008}
}

